@ARTICLE{lorensen:1987,
	AUTHOR = "Lorensen, W.E. and Cline, H.E.",
	TITLE = "Marching Cubes: A High Resolution 3D Surface Construction Algorithm",
	JOURNAL = "Computer Graphics",
	VOLUME = {21},
	NUMBER = {4},
	PAGES = {163â€“169},
	MONTH = "July",
	YEAR = {1987}	}

@ARTICLE{drebin:1988,
	AUTHOR = "Drebin, R.A. and Carpenter, L. and Hanrahan, P.",
	TITLE = "Volume rendering",
	JOURNAL = "SIGGRAPH Comput. Graph.",
	VOLUME = {22},
	NUMBER = {4},
	PAGES = {65-74},
	MONTH = "June",
	YEAR = {1988}	}

@ARTICLE{levoy:1988,
	AUTHOR = "Levoy, M.",
	TITLE = "Volume Rendering: Display of Surfaces from Volume Data",
	JOURNAL = "IEEE Computer Graphics \& Applications",
	VOLUME = {8},
	NUMBER = {3},
	PAGES = {29â€“37},
	MONTH = "May",
	YEAR = {1988}	}

@ARTICLE{westover:1989,
	AUTHOR = "Westover, L.",
	TITLE = "Interactive volume rendering",
	JOURNAL = "Chapel Hill Workshop on Volume Visualization",
	VOLUME = {},
	NUMBER = {},
	PAGES = {9â€“16},
	MONTH = "",
	YEAR = {1989}	}

@ARTICLE{levoy:1990,
	AUTHOR = "Levoy, M.",
	TITLE = "Efficient Ray Tracing of Volume Data",
	JOURNAL = "ACM Transactions of Graphics",
	VOLUME = {9},
	NUMBER = {3},
	PAGES = {245â€“261},
	MONTH = "July",
	YEAR = {1990}	}

@ARTICLE{westover:1991,
	AUTHOR = "Westover, L.",
	TITLE = "SPLATTING: A Parallel, Feed-Forward  Volume Rendering Algorithm",
	JOURNAL = "PhD Dissertation, Univ. of  North Carolina-Chapel Hill",
	VOLUME = {},
	NUMBER = {},
	PAGES = {},
	MONTH = "",
	YEAR = {1991}	}

@ARTICLE{anatomical:2011,
	AUTHOR = "AnatomicalTravel",
	TITLE = "Volume Rendering with WebGL",
	JOURNAL = "http://www.anatomicaltravel.com/research/2011/07/volume-rendering-with-webgl/",
	VOLUME = {},
	NUMBER = {},
	PAGES = {},
	MONTH = "",
	YEAR = {2011}	}

@ARTICLE{shneiderman:1996,
	AUTHOR = "Shneiderman, B.",
	TITLE = "The Eyes Have It: A Task by Data Type Taxonomy for Information Visualizations",
	JOURNAL = "Visual Languages",
	VOLUME = {},
	NUMBER = {},
	PAGES = {},
	MONTH = "",
	YEAR = {1996}	}

@ARTICLE{yi:2007,
	AUTHOR = "Yi, J. S. and Kang, Y. ah and Stasko, J. T. and J. A. Jacko",
	TITLE = "Toward a Deeper Understanding of the Role of Interaction in Information Visualization",
	JOURNAL = "IEEE Transactions of Visualization and Computer Graphics",
	VOLUME = {13},
	NUMBER = {6},
	PAGES = {1224-1231},
	MONTH = "",
	YEAR = {2007}	}

@ARTICLE{cockburn:2008,
	AUTHOR = "Cockburn, A. and Karlson, A. and Bederson, B.B",
	TITLE = "A Review of Overview+Detail, Zooming, and Focus+Context Interfaces",
	JOURNAL = "ACM Computing Surveys",
	VOLUME = {41},
	NUMBER = {1},
	PAGES = {},
	MONTH = "",
	YEAR = {2008}	}

@ARTICLE{bowman:reasoning,
	AUTHOR = "Mic Bowman and Saumya K. Debray and Larry L. Peterson",
	TITLE = "Reasoning About Naming Systems",
	JOURNAL = "ACM Trans. Program. Lang. Syst.",
	VOLUME = {15},
	NUMBER = {5},
	PAGES = {795-825},
	MONTH = "November",
	YEAR = {1993}	}

@ARTICLE{braams:babel,
	AUTHOR = "Johannes Braams",
	TITLE = "Babel, a Multilingual Style-Option System for Use with LaTeX's Standard Document Styles",
	JOURNAL = {TUGboat},
	VOLUME = {12},
	NUMBER = {2},
	PAGES = {291-301},
	MONTH = "June",
	YEAR = {1991}	}

@INPROCEEDINGS{clark:pct,
	AUTHOR = "Malcolm Clark",
	TITLE = "Post Congress Tristesse",
	BOOKTITLE = "TeX90 Conference Proceedings",
	PAGES = "84-89",
	ORGANIZATION = "TeX Users Group",
	MONTH = "March", 
	YEAR = {1991}	}

@ARTICLE{herlihy:methodology,
	AUTHOR = "Maurice Herlihy",
	TITLE = "A Methodology for Implementing Highly Concurrent
	Data Objects",
	JOURNAL = {ACM Trans. Program. Lang. Syst.},
	VOLUME = {15},
	NUMBER = {5},
	PAGES = {745-770},
	MONTH = "November",
	YEAR = {1993}	}

@BOOK{Lamport:LaTeX,
	AUTHOR = "Leslie Lamport",
	TITLE = "LaTeX User's Guide and Document Reference Manual",
	PUBLISHER = "Addison-Wesley Publishing Company",
	ADDRESS = "Reading, Massachusetts",
	YEAR = "1986"	}

@BOOK{salas:calculus,
	AUTHOR = "S.L. Salas and Einar Hille",
	TITLE = "Calculus: One and Several Variable",
	PUBLISHER = "John Wiley and Sons",
	ADDRESS = "New York",
	YEAR = "1978"	}






